<?xml version="1.0" encoding="UTF-8"?><collection xmlns="http://www.loc.gov/MARC21/slim"><record><leader>00430nam--2200133-i-4500</leader><controlfield tag="001">000002167</controlfield><controlfield tag="002">20161230</controlfield><controlfield tag="005">20161230201024</controlfield><controlfield tag="008">060222s1000------------r-----000-0-eng-d</controlfield><datafield ind1=" " ind2=" " tag="080"><subfield code="a">86</subfield></datafield><datafield ind1=" " ind2=" " tag="100"><subfield code="a">Gogoll, Fritz</subfield></datafield><datafield ind1=" " ind2=" " tag="245"><subfield code="a">Hnabuch fur enstorer im fernsprechdienst. dritte, erweiterte und verbesserte auflage. mit 189 bildern (einschleiner mappe mit tafeln</subfield></datafield><datafield ind1=" " ind2=" " tag="260"><subfield code="a">Leipzig, Fachbuchverlag, 1955. 233 P. Cu Fig</subfield></datafield><datafield ind1=" " ind2=" " tag="852"><subfield code="a">11217</subfield></datafield></record></collection>